<record><leader>00000cas a22000007a 4500</leader><controlfield tag="001">9243282</controlfield><controlfield tag="008">830222d18491850mauwr ne      0    0eng d</controlfield><datafield ind1=" " ind2=" " tag="010"><subfield code="a">sn 83020057 </subfield></datafield><datafield ind1=" " ind2=" " tag="040"><subfield code="a">NPX</subfield><subfield code="b">eng</subfield><subfield code="c">NPX</subfield><subfield code="d">NPU</subfield><subfield code="d">DLC</subfield><subfield code="d">MGN</subfield><subfield code="d">OCLCQ</subfield></datafield><datafield ind1=" " ind2=" " tag="042"><subfield code="a">msc</subfield></datafield><datafield ind1="0" ind2="0" tag="050"><subfield code="a">Newspaper 8305</subfield></datafield><datafield ind1="0" ind2=" " tag="130"><subfield code="a">Lawrence sentinel (Lawrence, Mass. : 1849)</subfield></datafield><datafield ind1="1" ind2="4" tag="245"><subfield code="a">The Lawrence sentinel.</subfield></datafield><datafield ind1=" " ind2=" " tag="260"><subfield code="a">Lawrence, Mass. :</subfield><subfield code="b">[Harrison Douglass]</subfield></datafield><datafield ind1=" " ind2=" " tag="300"><subfield code="a">v.</subfield></datafield><datafield ind1=" " ind2=" " tag="310"><subfield code="a">Weekly</subfield></datafield><datafield ind1="1" ind2=" " tag="362"><subfield code="a">Began in Sept. 1849; ceased in 1850.</subfield></datafield><datafield ind1=" " ind2=" " tag="588"><subfield code="a">Description based on: Sept. 19, 1849.</subfield></datafield><datafield ind1=" " ind2=" " tag="752"><subfield code="a">United States</subfield><subfield code="b">Massachusetts</subfield><subfield code="c">Essex</subfield><subfield code="d">Lawrence.</subfield></datafield><datafield ind1="0" ind2="0" tag="780"><subfield code="t">Vanguard (Lawrence, Mass.)</subfield><subfield code="w">(DLC)sn 83020056</subfield></datafield><datafield ind1="0" ind2="0" tag="785"><subfield code="t">Essex County sentinel</subfield><subfield code="w">(DLC)sn 86071608</subfield></datafield><datafield ind1="1" ind2=" " tag="029"><subfield code="a">AU@</subfield><subfield code="b">000025787099</subfield></datafield></record>